@article{art1,
	author={F. Gargano and G. Lovison },
	title={Some notes on conditional inference},
	journal={J.A.S.A.},
	volume={2},
	year={1999},
	pages={23-45}
}

@phdthesis{art2,
	author={M.T. Morana},
	title={La valutazione di Gargano},
	school={Universit{\`a} di Palermo},
	year={2001}
}

@unpublished{art3,
	author={C. Pernice and M. Attanasio and F. Mangano },
	title={Conditial Inference in Hilbert Hyperspace},
	abstract={hghjg hg },
	year={2000},
	journal={Advanced Mathematics},
	volume={34},
	pages={1-25}
}

@techreport{art4,
	author={F. Accardi and E. Capursi },
	title={Survival Analysis},
	institution={Universit{\`a} di Palermo},
	year={1999},
	number={15}
}

@inproceedings{art6,
	author={M. Porcu and F. Sole},
	title={Modelling the Society},
	booktitle={Social Issues},
	year={2000},
	editor={G. Attanasio and M. Gargano}
}

@inbook{art5,
	author={M. T. Morana and V. Morana},
	title={Ancillarity and Sufficienty in Cox Model},
	chapter={2},
	year={1999},
	publisher={Wiley}
}

@proceedings{art7,
	editor={G. DiFiglia and G. Vaccina},
	title={Problems in conditional Inference},
	publisher={CRC Press},
	year={2000},
	organization={Dipartimento di statistica sociale e ingegneria}
}

@mastersthesis{art8,
	author={M. Scinardo},
	title={Non saprei},
	school={Universit{\`a} di Palermo},
	year={2000}
}

@misc{art9,
	author={B. Fumagalli},
	title={Noi Terun},
	year={1997},
	month={may},
	howpublished={Bhu}
}

@manual{art10,
	author={E. Io},
	title={kjhkjh},
	organization={univ},
	year={1990},
	month={feb},
	note={che so}
}

